% biblio.bib

@Book{Ehh,
 author    = "Emily H. Hallili",
 title     = "Apache JMeter: A practical beginner's guide to automated testing and performance measurement for your websites",
 publisher = "Packt Publishing Ltd.",
 year      =  2008,
}

@misc{Hammer,
  author    = {},
  title     ={{HammerDB Database Load Testing.  Available at\\ 	http://hammerora.sourceforge.net.}},
  month     = {July},
  year      = {2013},
  url = "http://hammerora.sourceforge.net"
}	

@misc{Tpcc-bench,
  author =       {},
  title =        {{TPC-C benchmark.  Available at \\ http://www.tpc.org/tpcc/}},
  month  =       {},
  year =         {},
  url = "http://www.tpc.org/tpcc/"
}

@misc{Oltp,
  author =       {},
  title =        {{OLTP/Web Benchmarks for Relational Databases.  Available at \\ http://oltpbenchmark.com/}},
  month  =       {May},
  year =         {2012},
  url = "http://oltpbenchmark.com/"
}


@misc{Jmeter,
  author =       {},
  title =        {{Apache Jmeter.  Available at \\ http://jmeter.apache.org/}},
  month  =       {February},
  year =         {2013},
  url = "http://jmeter.apache.org/"

}

@misc{Standard,
  author =       {},
  title =        {{TPC-C Benchmark standard specification.  Available at\\ www.tpc.org/tpcc/spec/tpcc_current.pdf}},
  month  =       {February},
  year =         {2010},
  url = "www.tpc.org/tpcc/spec/tpcc_current.pdf/"
}

@misc{CSV,S
  author =       {GauravMutreja},
  title =        {{ Exporting your database to csv file.  Available at \\ http://gauravmutreja.wordpress.com/2011/10/13/exporting-your-database-to-csv-file-in-java/}},
  month  =       {October},
  year =         {2011},
  url = "http://gauravmutreja.wordpress.com/2011/10/13/exporting-your-database-to-csv-file-in-java/"
}

@misc{Comp,
  author =       {},
  title =        {{comparisons between LoadRunner vs. Grinder vs. JMeter.  Available at\\ http://blackanvil.blogspot.in/2006/06/shootout-load-runner-vs-grinder-vs.html}},
  month  =       {June},
  year =         {2006},
  url = "http://blackanvil.blogspot.in/2006/06/shootout-load-runner-vs-grinder-vs.html"
}
	
@misc{Manual,
  author =       {},
  title =        {{ Apache Jmeter usermanual.  Available at\\ http://jmeter.apache.org/usermanual/component_reference.html#introduction}},
  month  =       {},
  year =         {},
  url = "http://jmeter.apache.org/usermanual/component_reference.html#introduction "
}	

@misc{Plugins,
  author =       {},
  title =        {{Installation of Jmeter Googlecode plugins\\ http://www.code.google.com/p/jmeter-plugins/}},
  month  =       {February},
  year =         {2012},
  url = " http://www.code.google.com/p/jmeter-plugins/"

}

